@article{articlenewman,
   author  = {M.E.J. Newman},
   title   = {The structure and function of complex networks},
   year    = {2003},
   month   = {},
   journal = {In Statistical Mechanics},
   volume  = {45},
   number  = {},
   pages   = {167-256},
   note    = {}
}

@misc
{kanawatimisc,
author={Rushed Kanawati and Céline Rouveirol},
title={Prédiction de liens dans les réseaux sociaux, Approches topologiques},
month={juillet},
year={2009},
note={Ecole d’été Web Intelligence,Véranne}
}

@inproceedings{suppa2015clustered,
  title={A clustered approach for fast computation of betweenness centrality in social networks},
  author={Suppa, Paolo and Zimeo, Eugenio},
  booktitle={Big Data (BigData Congress), 2015 IEEE International Congress on},
  pages={47--54},
  year={2015},
  organization={IEEE}
}

@inproceedings{messiparco,
  author    = {Thomas Messi Ngu{\'{e}}l{\'{e}} and 
               Maurice Tchuente and
               Jean{-}Fran{\c{c}}ois M{\'{e}}haut},
  title     = {Using Complex-Network Properties for Efficient Graph Analysis},
  booktitle = {Parallel Computing is Everywhere, Proceedings of the International
               Conference on Parallel Computing, ParCo 2017, 12-15 September 2017,
               Bologna, Italy},
  pages     = {413--422},
  year      = {2017},
  crossref  = {DBLP:conf/parco/2017},
  url       = {https://doi.org/10.3233/978-1-61499-843-3-413,https://hal.archives-ouvertes.fr/hal-01498578v2/document},
  doi       = {10.3233/978-1-61499-843-3-413},
  timestamp = {Thu, 08 Mar 2018 09:54:45 +0100},
  biburl    = {https://dblp.org/rec/bib/conf/parco/NgueleTM17},
  bibsource = {dblp computer science bibliography, https://dblp.org}
}
@proceedings{parco2017conf,
  editor    = {Sanzio Bassini and
               Marco Danelutto and
               Patrizio Dazzi and
               Gerhard R. Joubert and
               Frans J. Peters},
  title     = {Parallel Computing is Everywhere, Proceedings of the International
               Conference on Parallel Computing, ParCo 2017, 12-15 September 2017,
               Bologna, Italy},
  series    = {Advances in Parallel Computing},
  volume    = {32},
  publisher = {{IOS} Press},
  year      = {2018},
  url       = {http://ebooks.iospress.nl/volume/parallel-computing-is-everywhere},
  isbn      = {978-1-61499-842-6},
  timestamp = {Thu, 08 Mar 2018 09:54:45 +0100},
  biburl    = {https://dblp.org/rec/bib/conf/parco/2017},
  bibsource = {dblp computer science bibliography, https://dblp.org}
}
@article{messiarima,
  TITLE = {Social network ordering based on communities to reduce cache misses},
  AUTHOR = {Messi Nguélé, T.,  and Tchuente, M. and Méhaut, J-F},
  URL = {http://arima.episciences.org/3318},
  DOI = {},
  JOURNAL = {{Revue ARIMA}},
  VOLUME = {{Volume 24 - 2016-2017 - Special issue CRI 2015}},
  YEAR = {2017},
  MONTH = May,
  KEYWORDS = {Social network mining ;  Community ;  Cache miss ; Fouille de réseaux sociaux ;  Communauté ;  Défaut de cache ; [INFO] Computer Science [cs]},
}


@inproceedings{articlecri2015,
  TITLE = {{Exploitation de la structure en communaut{\'e}s pour la r{\'e}duction de d{\'e}fauts de cache dans la fouille des r{\'e}seaux sociaux}},
  AUTHOR = {Messi Ngu{\'e}l{\'e}, Thomas and Tchuent{\'e}, Maurice and Mehaut, Jean-Fran{\c c}ois},
  URL = {https://hal.archives-ouvertes.fr/hal-01252798},
  BOOKTITLE = {{Conf{\'e}rence de Recherche en Informatique (CRI)}},
  ADDRESS = {Yaound{\'e}, Cameroon},
  YEAR = {2015},
  MONTH = Dec,
  KEYWORDS = {Cache management ; data structure ; runtime. ; Gestion du cache ; structure de donn{\'e}es ; environnement d’ex{\'e}cution},
  HAL_ID = {hal-01252798},
  HAL_VERSION = {v1},
}

@inproceedings{agrawal1994fast,
  title={Fast algorithms for mining association rules},
  author={Agrawal, Rakesh and Srikant, Ramakrishnan and others},
  booktitle={Proc. 20th int. conf. very large data bases, VLDB},
  volume={1215},
  pages={487--499},
  year={1994}
}

@article{euler1736solutio,
  title={Solutio problematis ad geometriam situs pertinensis},
  author={Euler, Leonhard},
  journal={Comm. Acad. Sci. Imper. Petropol.},
  volume={8},
  pages={128--140},
  year={1736}
}

@article{flynn1972some,
  title={Some computer organizations and their effectiveness},
  author={Flynn, Michael J},
  journal={IEEE transactions on computers},
  volume={100},
  number={9},
  pages={948--960},
  year={1972},
  publisher={IEEE}
}

@article{duncan1990survey,
  title={A survey of parallel computer architectures},
  author={Duncan, Ralph},
  journal={Computer},
  volume={23},
  number={2},
  pages={5--16},
  year={1990},
  publisher={IEEE}
}

@article{liben2007link,
  title={The link-prediction problem for social networks},
  author={Liben-Nowell, David and Kleinberg, Jon},
  journal={journal of the Association for Information Science and Technology},
  volume={58},
  number={7},
  pages={1019--1031},
  year={2007},
  publisher={Wiley Online Library}
}

@book{bglarticle,
  title={The Boost Graph Library: User Guide and Reference Manual, Portable Documents},
  author={Siek, Jeremy G and Lee, Lie-Quan and Lumsdaine, Andrew},
  year={2001},
  publisher={Pearson Education}
}

@article{bspmodel,
  title={A bridging model for parallel computation},
  author={Valiant, Leslie G},
  journal={Communications of the ACM},
  volume={33},
  number={8},
  pages={103--111},
  year={1990},
  publisher={ACM}
}

@inproceedings{stanton2012streaming,
  title={Streaming graph partitioning for large distributed graphs},
  author={Stanton, Isabelle and Kliot, Gabriel},
  booktitle={Proceedings of the 18th ACM SIGKDD international conference on Knowledge discovery and data mining},
  pages={1222--1230},
  year={2012},
  organization={ACM}
}

@inproceedings{kang2011beyond,
  title={Beyond'caveman communities': Hubs and spokes for graph compression and mining},
  author={Kang, U and Faloutsos, Christos},
  booktitle={Data Mining (ICDM), 2011 IEEE 11th International Conference on},
  pages={300--309},
  year={2011},
  organization={IEEE}
}

@article{banerjee1988clustering,
  title={Clustering a DAG for CAD Databases},
  author={Banerjee, Jay and Kim, Won and Kim, S-J and Garza, Jorge F.},
  journal={IEEE Transactions on Software Engineering},
  volume={14},
  number={11},
  pages={1684--1699},
  year={1988},
  publisher={IEEE}
}

@article{duff1984computer,
  title={Computer Solution of Large Sparse Positive Definite Systems (Alan George and Joseph W. Liu},
  author={Duff, Iain S},
  journal={SIAM Review},
  volume={26},
  number={2},
  pages={289--291},
  year={1984},
  publisher={SIAM}
}

@article{safro2011multiscale,
  title={Multiscale approach for the network compression-friendly ordering},
  author={Safro, Ilya and Temkin, Boris},
  journal={Journal of Discrete Algorithms},
  volume={9},
  number={2},
  pages={190--202},
  year={2011},
  publisher={Elsevier}
}

@article{safro2009multilevel,
  title={Multilevel algorithms for linear ordering problems},
  author={Safro, Ilya and Ron, Dorit and Brandt, Achi},
  journal={Journal of Experimental Algorithmics (JEA)},
  volume={13},
  pages={4},
  year={2009},
  publisher={ACM}
}

@article{petit2003experiments,
  title={Experiments on the minimum linear arrangement problem},
  author={Petit, Jordi},
  journal={Journal of Experimental Algorithmics (JEA)},
  volume={8},
  pages={2--3},
  year={2003},
  publisher={ACM}
}

@inproceedings{chierichetti2009compressing,
  title={On compressing social networks},
  author={Chierichetti, Flavio and Kumar, Ravi and Lattanzi, Silvio and Mitzenmacher, Michael and Panconesi, Alessandro and Raghavan, Prabhakar},
  booktitle={Proceedings of the 15th ACM SIGKDD international conference on Knowledge discovery and data mining},
  pages={219--228},
  year={2009},
  organization={ACM}
}

@inproceedings{boldi2011layered,
  title={Layered label propagation: A multiresolution coordinate-free ordering for compressing social networks},
  author={Boldi, Paolo and Rosa, Marco and Santini, Massimo and Vigna, Sebastiano},
  booktitle={Proceedings of the 20th international conference on World wide web},
  pages={587--596},
  year={2011},
  organization={ACM}
}

@inproceedings{lasalle2013multi,
  title={Multi-threaded graph partitioning},
  author={LaSalle, Dominique and Karypis, George},
  booktitle={Parallel \& Distributed Processing (IPDPS), 2013 IEEE 27th International Symposium on},
  pages={225--236},
  year={2013},
  organization={IEEE}
}

@article{lim2014slashburn,
  title={Slashburn: Graph compression and mining beyond caveman communities},
  author={Lim, Yongsub and Kang, U and Faloutsos, Christos},
  journal={IEEE Transactions on Knowledge and Data Engineering},
  volume={26},
  number={12},
  pages={3077--3089},
  year={2014},
  publisher={IEEE}
}

@inproceedings{shiokawa2013fast,
  title={Fast algorithm for modularity-based graph clustering.},
  author={Shiokawa, Hiroaki and Fujiwara, Yasuhiro and Onizuka, Makoto},
  booktitle={AAAI},
  pages={1170--1176},
  year={2013}
}

@article{lenharth2016parallel,
  title={Parallel graph analytics},
  author={Lenharth, Andrew and Nguyen, Donald and Pingali, Keshav},
  journal={Communications of the ACM},
  volume={59},
  number={5},
  pages={78--87},
  year={2016},
  publisher={ACM}
}

@article{yenke2011scheduling,
  title={Scheduling of computing services on Intranet networks},
  author={Yenke, Blaise Omer and Mehaut, Jean-Fran{\c{c}}ois and Tchuente, Maurice},
  journal={IEEE Transactions on Services Computing},
  volume={4},
  number={3},
  pages={207--215},
  year={2011},
  publisher={IEEE}
}

@inproceedings{karantasis2014bfsorder,
  title={Parallelization of reordering algorithms for bandwidth and wavefront reduction},
  author={Karantasis, K. and Lenharth, A. and Nguyen, D. and Garzar{\'a}n, M. and Pingali, K.},
  booktitle={Proceedings of the IC HPC, Networking, Storage and Analysis},
  pages={921--932},
  year={2014},
  organization={IEEE Press}
}

@article{karypis1998metis,
  title={Multilevelk-way partitioning scheme for irregular graphs},
  author={Karypis, George and Kumar, Vipin},
  journal={Journal of Parallel and Distributed computing},
  volume={48},
  number={1},
  pages={96--129},
  year={1998},
  publisher={Elsevier}
}

@inproceedings{song2007feedback,
  title={Feedback-directed thread scheduling with memory considerations},
  author={Song, Fengguang and Moore, Shirley and Dongarra, Jack},
  booktitle={16th international symposium on HPDC},
  pages={97--106},
  year={2007},
  organization={ACM}
}

@article{song2009analytical,
  title={Analytical Modeling for Affinity-Based Thread Scheduling on Multicore Platforms},
  author={Song, Fengguang and Moore, Shirley and Dongarra, Jack},
  journal={Symposim on Principles and PPP},
  year={2009}
}

@article{lumsdaine2007challenges,
  title={Challenges in parallel graph processing},
  author={Lumsdaine, Andrew and Gregor, Douglas and Hendrickson, Bruce and Berry, Jonathan},
  journal={Parallel Processing Letters},
  volume={17},
  number={01},
  pages={5--20},
  year={2007},
  publisher={World Scientific}
}

@article{rosenblum1995impact,
  title={The impact of architectural trends on operating system performance},
  author={Rosenblum, M. and Bugnion, E. and Herrod, S. Alan and Witchel, E. and Gupta, A.},
  journal={SIGOPS Operating Systems Review},
  volume={29},
  number={5},
  pages={285--298},
  year={1995},
  publisher={}
}

@inproceedings{ailamaki1999cachemissestime,
  title={DBMSs on a modern processor: Where does time go?},
  author={Ailamaki, Anastassia and DeWitt, David J and Hill, Mark D and Wood, David A},
  booktitle={VLDB" 99, Proceedings of 25th International Conference on Very Large Data Bases, September 7-10, 1999, Edinburgh, Scotland, UK},
  number={DIAS-CONF-1999-001},
  pages={266--277},
  year={1999}
}

@book{pisingerKnapsackproblems,
  title={knapsack problems},
  author={Kellerer, Hans and Pferschy, Ulrich and Pisinger, David},
  year={2004},
  publisher={Springer}
}

@inproceedings{wei2016gorder,
  title={Speedup Graph Processing by Graph Ordering},
  author={Wei, Hao and Yu, Jeffrey Xu and Lu, Can and Lin, Xuemin},
  booktitle={Proceedings of the 2016 ICMD},
  pages={1813--1828},
  year={2016},
  organization={ACM}
}

@inproceedings{arai2016rabbit,
  title={Rabbit Order: Just-in-time Parallel Reordering for Fast Graph Analysis},
  author={Arai, Junya and Shiokawa, Hiroaki and Yamamuro, Takeshi and Onizuka, Makoto and Iwamura, Sotetsu},
  booktitle={Parallel and Distributed Processing Symposium, 2016 IEEE International},
  pages={22--31},
  year={2016},
  organization={IEEE}
}

@article{articlepagerank,
  title={The PageRank citation ranking: bringing order to the web.},
  author={Page, Lawrence and Brin, Sergey and Motwani, Rajeev and Winograd, Terry},
  year={1999},
  publisher={Stanford InfoLab}
}
@inproceedings{articlebeyls2004platform,
  title={Platform-independent cache optimization by pinpointing low-locality reuse},
  author={Beyls, Kristof and D’Hollander, Erik H},
  booktitle={International Conference On Computational Science},
  pages={448--455},
  year={2004},
  organization={Springer}
}

@article{articlengonmang2012,
  title={Local community identification in social networks},
  author={Ngonmang, Blaise and Tchuente, Maurice and Viennet, Emmanuel},
  journal={Parallel Processing Letters},
  volume={22},
  number={01},
  pages={1240004},
  year={2012},
  publisher={World Scientific}
}

@article{articlenewman2003,
  title={The structure and function of complex networks},
  author={Newman, Mark EJ},
  journal={SIAM},
  volume={45},
  number={2},
  pages={167--256},
  year={2003},
  publisher={}
}

@inproceedings{sharding,
  title={Sharding social networks},
  author={Duong, Quang and Goel, Sharad and Hofman, Jake and Vassilvitskii, Sergei},
  booktitle={Proceedings of the sixth ACM international conference on Web search and data mining},
  pages={223--232},
  year={2013},
  organization={ACM}
}

@article{optimalArrag,
  title={Some simplified NP-complete graph problems},
  author={Garey, Michael R and Johnson, David S. and Stockmeyer, Larry},
  journal={Theoretical computer science},
  volume={1},
  number={3},
  pages={237--267},
  year={1976},
  publisher={Elsevier}
}

@article{yang2015defining,
  title={Defining and evaluating network communities based on ground-truth},
  author={Yang, Jaewon and Leskovec, Jure},
  journal={Knowledge and Information Systems},
  volume={42},
  number={1},
  pages={181--213},
  year={2015},
  publisher={Springer}
}

@inproceedings{duong_sharding_2013,
title = {Sharding {Social} {Networks}},
isbn = {978-1-4503-1869-3},
timestamp = {2013-06-18T16:22:38Z},
booktitle = {Proceedings of {WSDM}},
author = {Duong, {Quang} and {Goel}, {Sharad} and {Vassilvitskii}, {Sergei} and {Hofman}, {Jake}},
date = {2013},
pages = {223--232},
keywords = {community detection,sharding,social networks},
file = {Attachment:/home/tommasi/.mozilla/firefox/gyuh6ocv.default/zotero/storage/VQ32IVWQ/Duong et al. - 2013 - Sharding Social Networks.pdf:application/pdf}
}
@misc{snapnets,
  author       = {Jure Leskovec and Andrej Krevl},
  title        = {{SNAP Datasets}: {Stanford} Large Network Dataset Collection},
  howpublished = {http://snap.stanford.edu/data},
  month        = {jun},
  year         = {2014},
}
@PHDTHESIS {Thesespecialisationcode,
    AUTHOR = { Minhaj Ahmad Khan },
    TITLE = { Techniques de spécialisation de code pour architectures hautes performances },
    SCHOOL = { PRiSM },
    YEAR = { 2008 },
    MONTH = { Juin },
}
@misc
{quant-ph,
author={http://arxiv.org},
title={Quant-ph},
month={},
year={},
note={}
}
@article
{memoireMessi,
author={Thomas Messi Nguélé},
title={Langage dédié pour la fouille des réseaux sociaux},
year={2013},
month={Decembre},
journal = {Université de Yaoundé 1, Département d’Informatique},
volume  = {},
number={},
pages={},
note={Mémoire de master 2 recherche}
}

@misc{theseMessi,
  author       = {Thomas Messi Nguélé},
  title        = {DSL for Social Network Analysis On Multicore Architecture},
  month        = {september},
  year         = {2018},
}
@article
{memoireMessi,
author={},
title={Langage dédié pour la fouille des réseaux sociaux},
year={2018},
month={September},
journal = {University de Yaoundé 1, Département d’Informatique},
volume  = {},
number={},
pages={},
note={Mémoire de master 2 recherche}
}

@article{shahnaz2011blocked,
  title={Blocked-based sparse matrix-vector multiplication on distributed memory parallel computers.},
  author={Shahnaz, Rukhsana and Usman, Anila},
  journal={Int. Arab J. Inf. Technol.},
  volume={8},
  number={2},
  pages={130--136},
  year={2011}
}
@inproceedings{polok2013cache,
  title={Cache efficient implementation for block matrix operations},
  author={Polok, Lukas and Ila, Viorela and Smrz, Pavel},
  booktitle={Proceedings of the High Performance Computing Symposium},
  pages={4},
  year={2013},
  organization={Society for Computer Simulation International}
}

@article{bernardes2015social,
  title={A Social Formalism and Survey for Recommender Systems},
  author={Bernardes, Daniel and Diaby, Mamadou and Fournier, Rapha{\"e}l and FogelmanSouli{\'e}, Fran{\c{c}}oise and Viennet, Emmanuel},
  journal={ACM SIGKDD Explorations Newsletter},
  volume={16},
  number={2},
  pages={20--37},
  year={2015},
  publisher={ACM}
}
@article{hernando2010unravelling,
  title={Unravelling the size distribution of social groups with information theory in complex networks},
  author={Hernando, A and Villuendas, D and Vesperinas, C and Abad, M and Plastino, A},
  journal={The European Physical Journal B},
  volume={76},
  number={1},
  pages={87--97},
  year={2010},
  publisher={Springer}
}

@article{articlemppacri,
   author  = {Marcio Castro and Emilio Francesquin and Thomas Messi Nguélé and Jean-François Méhaut},
   title   = {Multicœurs et Manycœurs: Une Analyse de la Performance et l'Éfficacité Énergétique d'une Application Irrégulière},
   year    = {2013},
   month   = {decembre},
   journal = {{P}roceedings of the CRI’2013, Conférence de Recherche en Informatique},
   volume  = { },
   number  = { },
   pages   = { },
   note    = {Accepted}
}
@inproceedings{articlemppa,
  title={Analysis of computing and energy performance of multicore, NUMA, and manycore platforms for an irregular application},
  author  = {Marcio Castro and Emilio Francesquin and Thomas Messi Nguélé and Jean-François Méhaut},
  booktitle={Proceedings of the 3rd Workshop on Irregular Applications: Architectures and Algorithms},
  pages={5},
  year={2013},
  organization={ACM}
}
@ARTICLE{dsloverview,
    author = {Arie Van Deursen and Paul Klint and Joost Visser},
    title = {Domain-Specific Languages: An Annotated Bibliography},
    journal = {ACM SIGPLAN NOTICES},
    year = {2000},
    volume = {35},
    pages = {26--36}
}
@article
{articlejasonriedy,
author={Jason Riedy and David A. Bader and Henning Meyerhenke},
title={Scalable Multi-threaded Community Detection in Social Networks},
year={2012},
month={},
journal = {IEEE Computer Society Washington, DC, USA 2012 },
volume  = {18},
number={1},
pages={1619-1628}
}

@article
{articleindien,
author={Jyothish Soman and Ankur Narang},
title={Fast community detection algorithm with GPUs and multicore
architectures},
year={2011},
month={},
journal = {IEEE International Parallel Distributed Processing Symposium},
volume  = {},
number={},
pages={},
note={}
}
@article{li2005mining,
  title={Mining block correlations to improve storage performance},
  author={Li, Zhenmin and Chen, Zhifeng and Zhou, Yuanyuan},
  journal={ACM Transactions on Storage (TOS)},
  volume={1},
  number={2},
  pages={213--245},
  year={2005},
  publisher={ACM}
}

@article{hoque2010social,
  title={Social network-aware disk management},
  author={Hoque, Imranul and Gupta, Indranil},
  year={2010}
}
@inproceedings{prabhakaran2012managing,
  title={Managing Large Graphs on Multi-Cores with Graph Awareness.},
  author={Prabhakaran, Vijayan and Wu, Ming and Weng, Xuetian and McSherry, Frank and Zhou, Lidong and Haradasan, Maya},
  booktitle={USENIX Annual Technical Conference},
  pages={41--52},
  year={2012}
}

@article{dslannotated,
  title={Domain-Specific Languages: An Annotated Bibliography.},
  author={Van Deursen, Arie and Klint, Paul and Visser, Joost},
  journal={Sigplan Notices},
  volume={35},
  number={6},
  pages={26--36},
  year={2000}
}
@article{taoADP,
  title={The tao of parallelism in algorithms},
  author={Pingali, Keshav and Nguyen, Donald and Kulkarni, Milind and Burtscher, Martin and Hassaan, M Amber and Kaleem, Rashid and Lee, Tsung-Hsien and Lenharth, Andrew and Manevich, Roman and M{\'e}ndez-Lojo, Mario and others},
  journal={ACM Sigplan Notices},
  volume={46},
  number={6},
  pages={12--25},
  year={2011},
  publisher={ACM}
}
@inproceedings{powergraph,
  title={PowerGraph: Distributed Graph-Parallel Computation on Natural Graphs.},
  author={Gonzalez, Joseph E and Low, Yucheng and Gu, Haijie and Bickson, Danny and Guestrin, Carlos},
  booktitle={OSDI},
  volume={12},
  number={1},
  pages={2},
  year={2012}
}
@inproceedings{ligra,
  title={Ligra: a lightweight graph processing framework for shared memory},
  author={Shun, Julian and Blelloch, Guy E},
  booktitle={ACM SIGPLAN Notices},
  volume={48},
  number={8},
  pages={135--146},
  year={2013},
  organization={ACM}
}
@inproceedings{pregel,
  title={Pregel: a system for large-scale graph processing},
  author={Malewicz, Grzegorz and Austern, Matthew H and Bik, Aart JC and Dehnert, James C and Horn, Ilan and Leiser, Naty and Czajkowski, Grzegorz},
  booktitle={Proceedings of the 2010 ACM SIGMOD International Conference on Management of data},
  pages={135--146},
  year={2010},
  organization={ACM}
}
@inproceedings{gps,
  title={Gps: A graph processing system},
  author={Salihoglu, Semih and Widom, Jennifer},
  booktitle={Proceedings of the 25th International Conference on Scientific and Statistical Database Management},
  pages={22},
  year={2013},
  organization={ACM}
}
@article{whenhowdevelopdsl,
  title={When and how to develop domain-specific languages},
  author={Mernik, Marjan and Heering, Jan and Sloane, Anthony M},
  journal={ACM computing surveys (CSUR)},
  volume={37},
  number={4},
  pages={316--344},
  year={2005},
  publisher={ACM}
}
@inproceedings{designguidlinesdsl,
  added-at = {2010-03-02T14:15:47.000+0100},
  author = {Karsai, Gabor and Krahn, Holger and Pinkernell, Class and Rumpe, Bernhard and Schneider, Martin and Völkel, Steven},
  biburl = {http://www.bibsonomy.org/bibtex/2b94e35b378ee9d758f7e7361a46cb043/jochenreutelshoefer},
  booktitle = {Proceedings of the 9th OOPSLA Workshop on Domain-Specific Modeling (DSM'09)},
  editor = {Rossi, Matti and Sprinkle, Jonathan and Gray, Jeff and Tolvanen, Juha-Pekka},
  interhash = {94039d8dde90fec4997e9de86bd7baa6},
  intrahash = {b94e35b378ee9d758f7e7361a46cb043},
  keywords = {DSLs},
  pages = {7-13},
  timestamp = {2010-03-02T14:15:47.000+0100},
  title = {Design Guidelines for Domain Specific Languages},
  year = 2009
}
@mastersthesis{vanessaMasterThesis,
    author    = {Vanessa Kamga and Maurice Tchuente and Emmanuel Viennet},
    title     = {Prévision des liens dans les graphes bipartites avec attributs},
    school    = {Université de Yaoundé 1, Département d'Informatique},
    type      = {Mémoire de Master 2 Recherche},
    year      = {2013},
    month     = {Septembre},
    note      = {},
}

@inproceedings{galois,
  author = {Donald Nguyen and Andrew Lenharth and Keshav Pingali},
  title = {A Lightweight Infrastructure for Graph Analytics},
  booktitle = {Proceedings of ACM Symposium on Operating Systems Principles},
  series = {SOSP '13},
  year = {2013},
  tags = {galois},
  isbn = {978-1-4503-2388-8},
  location = {Farminton, Pennsylvania},
  pages = {456--471},
  numpages = {16},
  doi = {10.1145/2517349.2522739},
  acmid = {2522739},
  url = {http://iss.ices.utexas.edu/Publications/Papers/nguyen13.pdf}
}
@article{articledavidjon,
   author  = {David Liben-Nowell and Jon Kleinberg},
   title   = {The Link Prediction Problem for Social Networks},
   year    = {2004},
   month   = {January 8},
   journal = { },
   volume  = { },
   number  = { },
   pages   = { },
   note    = { }
}
@article
{articlekatz,
author={Leo Katz},
title={A new status index derived from sociometric analysis},
year={1953},
month={March},
journal = {Psychometrica-vol.18, No.1},
volume  = {18},
number={1},
pages={ },
note={ }
}
@article{foster2001faster,
  title={A faster Katz status score algorithm},
  author={Foster, Kurt C and Muth, Stephen Q and Potterat, John J and Rothenberg, Richard B},
  journal={Computational \& Mathematical Organization Theory},
  volume={7},
  number={4},
  pages={275--285},
  year={2001},
  publisher={Springer}
}
@incollection{esfandiar2010fast,
  title={Fast Katz and commuters: Efficient estimation of social relatedness in large networks},
  author={Esfandiar, Pooya and Bonchi, Francesco and Gleich, David F and Greif, Chen and Lakshmanan, Laks VS and On, Byung-Won},
  booktitle={Algorithms and Models for the Web-Graph},
  pages={132--145},
  year={2010},
  publisher={Springer}
}
@misc
{specificationgreenmarl,
author={https://github.com/stanford-ppl/Green-Marl},
title={The Green-Marl Language Specification},
month={September},
year={2012},
note={Le site de GREEN MARL}
}
@article{linkpredictionsurvey,
  title={Link prediction in complex networks: A survey},
  author={L{\"u}, Linyuan and Zhou, Tao},
  journal={Physica A: Statistical Mechanics and its Applications},
  volume={390},
  number={6},
  pages={1150--1170},
  year={2011},
  publisher={Elsevier}
}
@book{fowler2010domain,
  title={Domain-specific languages},
  author={Fowler, Martin},
  year={2010},
  publisher={Pearson Education}
}

@book{programmingmanycorechips,
  title={Programming many-core chips},
  author={Vajda, Andr{\'a}s and Brorsson, Mats and Corcoran, Diarmuid},
  year={2011},
  publisher={Springer}
}

@book{advancedcomputerarchitecture,
  title={Advanced computer architecture and parallel processing},
  author={El-Rewini, Hesham and Abd-El-Barr, Mostafa},
  volume={42},
  year={2005},
  publisher={John Wiley \& Sons}
}

@article{programmingparallelalgorithms,
  title={Programming parallel algorithms},
  author={Blelloch, Guy E},
  journal={Communications of the ACM},
  volume={39},
  number={3},
  pages={85--97},
  year={1996},
  publisher={ACM}
}

@article{model4parallelcomputing,
  title={Models for parallel computing: Review and perspectives},
  author={Kessler, Christoph and Keller, J{\"o}rg},
  journal={Mitteilungen-Gesellschaft f{\"u}r Informatik eV, Parallel-Algorithmen und Rechnerstrukturen},
  volume={24},
  year={2007}
}

@book{languageimplementationpatterns,
  title={Language implementation patterns: create your own domain-specific and general programming languages},
  author={Parr, Terence},
  year={2009},
  publisher={Pragmatic Bookshelf}
}

@book{dslsinaction,
  title={DSLs in action},
  author={Ghosh, Debasish},
  year={2010},
  publisher={Manning Publications Co.}
}

@inproceedings{greenmarl,
  title={Green-Marl: a DSL for easy and efficient graph analysis},
  author={Hong, Sungpack and Chafi, Hassan and Sedlar, Edic and Olukotun, Kunle},
  booktitle={SIGARCH Computer Architecture News},
  volume={40},
  number={1},
  pages={349--362},
  year={2012},
  organization={ACM}
}

@inproceedings{languagevirtualisation,
  title={Language virtualization for heterogeneous parallel computing},
  author={Chafi, Hassan and DeVito, Zach and Moors, Adriaan and Rompf, Tiark and Sujeeth, Arvind K and
Hanrahan, Pat and Odersky, Martin and Olukotun, Kunle},
  booktitle={ACM Sigplan Notices},
  volume={45},
  number={10},
  pages={835--847},
  year={2010},
  organization={ACM}
}

@inproceedings{disnet,
  title={DisNet: A framework for distributed graph computation},
  author={Lichtenwalter, Ryan and Chawla, Nitesh V},
  booktitle={Advances in Social Networks Analysis and Mining (ASONAM), 2011 International Conference on},
  pages={263--270},
  year={2011},
  organization={IEEE}
}
@article{stxxl,
  title={STXXL: standard template library for XXL data sets},
  author={Dementiev, Roman and Kettner, Lutz and Sanders, Peter},
  journal={Software: Practice and Experience},
  volume={38},
  number={6},
  pages={589--637},
  year={2008},
  publisher={Wiley Online Library}
}

@inproceedings{snap,
  title={SNAP, Small-world Network Analysis and Partitioning: an open-source parallel graph framework for the
exploration of large-scale networks},
  author={Bader, David A and Madduri, Kamesh},
  booktitle={Parallel and Distributed Processing, 2008. IPDPS 2008. IEEE International Symposium on},
  pages={1--12},
  year={2008},
  organization={IEEE}
}

@inproceedings{pregel,
  title={Pregel: a system for large-scale graph processing},
  author={Malewicz, Grzegorz and Austern, Matthew H and Bik, Aart JC and Dehnert, James C and Horn, Ilan and
Leiser, Naty and Czajkowski, Grzegorz},
  booktitle={Proceedings of the 2010 ACM SIGMOD International Conference on Management of data},
  pages={135--146},
  year={2010},
  organization={ACM}
}

@incollection{STAPL,
  title={The STAPL Parallel Graph Library},
  author={Fidel, Adam and Amato, Nancy M and Rauchwerger, Lawrence and others},
  booktitle={Languages and Compilers for Parallel Computing},
  pages={46--60},
  year={2013},
  publisher={Springer}
}

@inproceedings{MTGL,
  title={Implementing a portable multi-threaded graph library: The MTGL on Qthreads},
  author={Barrett, Brian W and Berry, Jonathan W and Murphy, Richard C and Wheeler, Kyle B},
  booktitle={Parallel \& Distributed Processing, 2009. IPDPS 2009. IEEE International Symposium on},
  pages={1--8},
  year={2009},
  organization={IEEE}
}

@inproceedings{leda,
  title={LEDA a library of efficient data types and algorithms},
  author={Mehlhorn, Kurt and N{\"a}her, Stefan},
  booktitle={Mathematical Foundations of Computer Science 1989},
  pages={88--106},
  year={1989},
  organization={Springer}
}

@article{graphCT,
  title={Graphct: Multithreaded algorithms for massive graph analysis},
  author={Ediger, David and Jiang, Karl and Riedy, E Jason and Bader, David A},
  journal={Parallel and Distributed Systems, IEEE Transactions on},
  volume={24},
  number={11},
  pages={2220--2229},
  year={2013},
  publisher={IEEE}
}

@incollection{CGMgraph,
  title={CGMgraph/CGMlib: Implementing and testing CGM graph algorithms on PC clusters},
  author={Chan, Albert and Dehne, Frank},
  booktitle={Recent Advances in Parallel Virtual Machine and Message Passing Interface},
  pages={117--125},
  year={2003},
  publisher={Springer}
}

@article{parallelebgl,
  title={The Parallel BGL: A Generic Library for Distributed Graph Computations},
  author={Gregor, D and Lumsdaine, A},
  journal={Parallel Object-Oriented Scientific Computing (POOSC)},
  year={2005}
}


@article{articleblaisedistributedSNA,
  author = {Blaise Ngonmang and Emmanuel Viennet and Maurice Tchuente},
  title = {Predicting Users Behaviours in Distributed Social Networks Using Community Analysis},
  journal = {Lecture Notes in Social Networks},
  editor = {F. Can},
  publisher = {Springer},
  year = 2014,
  lipn-category = {jour},
  doi = {10.1007/978-3-319-05912-9_6},
  note = {Sous presse.}
}
, ,


@article{articlepolbooks,
   author  = {V. Krebs},
   title   = {http://www.orgnet.com/},
   year    = {},
   month   = {},
   journal = {},
   volume  = {},
   number  = {},
   pages   = {},
   note    = {unpublished},
   publisher={}
}

@article{articlecond-mat,
   author  = {M. E. J. Newman},
   title   = {The structure of scientific collaboration networks},
   year    = {2001},
   month   = {},
   journal = {Proc. Natl. Acad. Sci},
   volume  = { },
   number  = { },
   pages   = {404-409},
   note    = { },
   publisher={USA 98}
}

@article{articlepower,
   author  = {D. J. Watts and S. H. Strogatz},
   title   = {Collective dynamics of small-world networks},
   year    = {1998},
   month   = {},
   journal = {Nature 393},
   volume  = { },
   number  = { },
   pages   = {440-442},
   note    = { }
}

@misc
{nombrededunbar,
author={http://fr.wikipedia.org/},
title={Nombre de Dunbar},
month={march},
year={2013},
note={Wikipedia}
}

@techreport{yalearticle,
  title={Yale sparse matrix package. I. the symmetric codes},
  author={Eisenstat, Stanley C and Gursky, MC and Schultz, MH and Sherman, AH},
  year={1977},
  institution={DTIC Document}
}
@incollection{sui2013parallel,
  title={Parallel clustered low-rank approximation of graphs and its application to link prediction},
  author={Sui, Xin and Lee, Tsung-Hsien and Whang, Joyce Jiyoung and Savas, Berkant and Jain, Saral and Pingali, Keshav and Dhillon, Inderjit},
  booktitle={Languages and Compilers for Parallel Computing},
  pages={76--95},
  year={2013},
  publisher={Springer}
}
@article{lu2011link,
  title={Link prediction in complex networks: A survey},
  author={L{\"u}, Linyuan and Zhou, Tao},
  journal={Physica A: Statistical Mechanics and its Applications},
  volume={390},
  number={6},
  pages={1150--1170},
  year={2011},
  publisher={Elsevier}
}

@article
{articlejasonriedy,
author={Jason Riedy and David A. Bader and Henning Meyerhenke},
title={Scalable Multi-threaded Community Detection in Social Networks},
year={2012},
month={},
journal = {IEEE Computer Society Washington, DC, USA 2012 },
volume  = {18},
number={1},
pages={1619-1628},
note={IPDPSW '12 Proceedings of the 2012 IEEE 26th International Parallel and Distributed Processing Symposium Workshops \& PhD Forum}
}

@article
{articlejasonriedy2,
author={Jason Riedy and David A. Bader and Henning Meyerhenke},
title={Parallel Community Detection for Massive Graphs},
year={2012},
month={May},
journal = {},
volume  = {},
number={1},
pages={1619-1628},
note={In 10th DIMACS Implementation Challenge Workshop - Graph Partitioning and Graph Clustering. (workshop paper)}
}
 , Atlanta, Georgia, February 2012. Won first place in the Mix Challenge and Mix Pareto Challenge.
@article
{articlejasonriedy3,
author={Jason Riedy and David A. Bader and Henning Meyerhenke},
title={Parallel Community Detection for Massive Graphs},
year={2011},
month={September},
journal = {Springer},
volume  = {18},
number={},
pages={286-296},
note={In 9th International Conference on Parallel Processing and Applied Mathematics (PPAM11)}
}
@article{articleblondel,
  title={Fast unfolding of communities in large networks},
  author={Blondel, V. and Guillaume, J-L and Lambiotte, R. and Lefebvre, E.},
  journal={Journal of Statistical Mechanics: Theory and Experiment},
  volume={2008},
  number={10},
  pages={P10008},
  year={2008},
  publisher={IOP Publishing}
}
@article{articleclauset,
  title={Finding community structure in very large networks},
  author={Clauset, Aaron and Newman, Mark EJ and Moore, Cristopher},
  journal={Physical review E},
  volume={70},
  number={6},
  pages={066111},
  year={2004},
  publisher={APS}
}

@article{articledavidedigerstinger,
  title={STINGER: High performance data structure for streaming graphs},
  author={David Ediger and Robert McColl and E. Jason Riedy, and David A. Bader},
  journal={HPEC},
  volume={},
  number={},
  pages={1-5},
  year={2012},
  publisher={IEEE}
}

@article{articleBaderstinger,
  title={Stinger: Spatio-temporal interaction networks and graphs (sting) extensible representation},
  author={Bader, David A and Berry, Jonathan and Amos-Binks, Adam and Chavarr{\'\i}a-Miranda, Daniel and Hastings, Charles and Madduri, Kamesh and Poulos, Steven C},
  journal={Georgia Institute of Technology, Tech. Rep},
  year={2009}
}

@BOOK{Smith:2012qr,
	title = {{B}ook {T}itle},
	publisher = {Publisher},
	author = {Smith, J.~M. and Jones, A.~B.},
	year = {2012},
	edition = {7th},
}

@ARTICLE{Smith:2013jd,
	author = {Jones, A.~B. and Smith, J.~M.},
	title = {{A}rticle {T}itle},
	journal = {Journal title},
	year = {2013},
	volume = {13},
	pages = {123-456},
	number = {52},
	month = {March},
	publisher = {Publisher}
}
